<?xml version="1.0" encoding="UTF-8"?>
<Document xmlns="urn:iso:std:iso:20022:tech:xsd:camt.053.001.02">
  <BkToCstmrStmt>
    <GrpHdr>
      <MsgId>MSG-0001</MsgId>
      <CreDtTm>2026-02-01T08:00:00</CreDtTm>
    </GrpHdr>
    <Stmt>
      <Id>STMT-2026-02</Id>
      <ElctrncSeqNb>12</ElctrncSeqNb>
      <Acct>
        <Id><IBAN>NL02RABO0123456789</IBAN></Id>
        <Ccy>EUR</Ccy>
      </Acct>
      <Bal>
        <Tp><CdOrPrtry><Cd>OPBD</Cd></CdOrPrtry></Tp>
        <Amt Ccy="EUR">1000.00</Amt>
        <CdtDbtInd>CRDT</CdtDbtInd>
        <Dt><Dt>2026-01-31</Dt></Dt>
      </Bal>
      <!-- Outgoing payment to a supplier -->
      <Ntry>
        <Amt Ccy="EUR">120.50</Amt>
        <CdtDbtInd>DBIT</CdtDbtInd>
        <Sts>BOOK</Sts>
        <BookgDt><Dt>2026-02-03</Dt></BookgDt>
        <ValDt><Dt>2026-02-03</Dt></ValDt>
        <AcctSvcrRef>ACCTREF-001</AcctSvcrRef>
        <NtryDtls>
          <TxDtls>
            <Refs>
              <EndToEndId>E2E-001</EndToEndId>
              <TxId>TX-001</TxId>
            </Refs>
            <Amt Ccy="EUR">120.50</Amt>
            <CdtDbtInd>DBIT</CdtDbtInd>
            <RltdPties>
              <Cdtr><Nm>Jansen PA Rental</Nm></Cdtr>
              <CdtrAcct><Id><IBAN>NL91ABNA0417164300</IBAN></Id></CdtrAcct>
            </RltdPties>
            <RmtInf><Ustrd>Invoice 2026-014 PA hire</Ustrd></RmtInf>
          </TxDtls>
        </NtryDtls>
      </Ntry>
      <!-- Incoming payment from a customer -->
      <Ntry>
        <Amt Ccy="EUR">600.00</Amt>
        <CdtDbtInd>CRDT</CdtDbtInd>
        <Sts>BOOK</Sts>
        <BookgDt><Dt>2026-02-04</Dt></BookgDt>
        <ValDt><Dt>2026-02-04</Dt></ValDt>
        <AcctSvcrRef>ACCTREF-002</AcctSvcrRef>
        <NtryDtls>
          <TxDtls>
            <Refs><EndToEndId>NOTPROVIDED</EndToEndId></Refs>
            <Amt Ccy="EUR">600.00</Amt>
            <CdtDbtInd>CRDT</CdtDbtInd>
            <RltdPties>
              <Dbtr><Nm>Cafe De Kroon</Nm></Dbtr>
              <DbtrAcct><Id><IBAN>NL39RABO0300065264</IBAN></Id></DbtrAcct>
            </RltdPties>
            <RmtInf><Ustrd>Payment invoice 2026-011</Ustrd></RmtInf>
          </TxDtls>
        </NtryDtls>
      </Ntry>
      <!-- One entry with two unrelated TxDtls (must expand to two lines) -->
      <Ntry>
        <Amt Ccy="EUR">80.00</Amt>
        <CdtDbtInd>DBIT</CdtDbtInd>
        <Sts>BOOK</Sts>
        <BookgDt><Dt>2026-02-05</Dt></BookgDt>
        <ValDt><Dt>2026-02-05</Dt></ValDt>
        <NtryDtls>
          <TxDtls>
            <Refs><EndToEndId>E2E-003a</EndToEndId></Refs>
            <Amt Ccy="EUR">30.00</Amt>
            <CdtDbtInd>DBIT</CdtDbtInd>
            <RltdPties><Cdtr><Nm>String Supply Co</Nm></Cdtr></RltdPties>
            <RmtInf><Ustrd>Guitar strings</Ustrd></RmtInf>
          </TxDtls>
          <TxDtls>
            <Refs><EndToEndId>E2E-003b</EndToEndId></Refs>
            <Amt Ccy="EUR">50.00</Amt>
            <CdtDbtInd>DBIT</CdtDbtInd>
            <RltdPties><Cdtr><Nm>Drum Heads BV</Nm></Cdtr></RltdPties>
            <RmtInf><Ustrd>Snare head</Ustrd></RmtInf>
          </TxDtls>
        </NtryDtls>
      </Ntry>
      <!-- Credit entry reversing a prior debit; RvslInd explains the origin. -->
      <Ntry>
        <Amt Ccy="EUR">45.00</Amt>
        <CdtDbtInd>CRDT</CdtDbtInd>
        <RvslInd>true</RvslInd>
        <Sts>BOOK</Sts>
        <BookgDt><Dt>2026-02-06</Dt></BookgDt>
        <ValDt><Dt>2026-02-06</Dt></ValDt>
        <NtryDtls>
          <TxDtls>
            <Amt Ccy="EUR">45.00</Amt>
            <CdtDbtInd>CRDT</CdtDbtInd>
            <RltdPties><Cdtr><Nm>Bounced Payment Ltd</Nm></Cdtr></RltdPties>
            <RmtInf><Ustrd>Reversal of failed transfer</Ustrd></RmtInf>
          </TxDtls>
        </NtryDtls>
      </Ntry>
    </Stmt>
  </BkToCstmrStmt>
</Document>
