:20:STMT-REF-940
:25:NL02RABO0123456789 EUR
:28C:12/1
:60F:C260131EUR1000,00
:61:2602030203D120,50NTRFE2E-940-1//ACCTREF-940-1
:86:/TRTP/SEPA OVERBOEKING/IBAN/NL91ABNA0417164300/NAME/Jansen PA Rental/REMI/Invoice 2026-014 PA hire
:61:2602040204C600,00NTRFNONREF//ACCTREF-940-2
:86:/TRTP/SEPA OVERBOEKING/IBAN/NL39RABO0300065264/NAME/Cafe De Kroon/REMI/Payment invoice 2026-011
:61:2602060206RC45,00NTRFREVERSAL//ACCTREF-940-3
:86:/NAME/Bounced Payment Ltd/REMI/Reversal of failed transfer
:62F:C260206EUR1434,50
